@article{readingtext,
  author    = {Max Jaderberg and
               Karen Simonyan and
               Andrea Vedaldi and
               Andrew Zisserman},
  title     = {Reading Text in the Wild with Convolutional Neural Networks},
  journal   = {CoRR},
  volume    = {abs/1412.1842},
  year      = {2014},
  url       = {http://arxiv.org/abs/1412.1842},
  archivePrefix = {arXiv},
  eprint    = {1412.1842},
  timestamp = {Mon, 13 Aug 2018 16:46:52 +0200},
  biburl    = {https://dblp.org/rec/bib/journals/corr/JaderbergSVZ14a},
  bibsource = {dblp computer science bibliography, https://dblp.org}
}

@inproceedings{stark2015captcha,
  title={Captcha recognition with active deep learning},
  author={Stark, Fabian and Haz{\i}rbas, Caner and Triebel, Rudolph and Cremers, Daniel},
  booktitle={GCPR Workshop on New Challenges in Neural Computation},
  volume={10},
  year={2015}
}

@article{synth,
  title={Using synthetic data to train neural networks is model-based reasoning},
  author={Tuan Anh Le, Atilim Giine≈ü Baydin, Robert Zinkovm and Frank Wood},
  journal={Neural Networks (IJCNN) 2017 International Joint Conference},
  pages={3514--3521},
  year={2017}
}

@article{zhaocaptcha,
  title={CAPTCHA Breaking with Deep Learning},
  author={Zhao, Nathan and Liu, Yi and Jiang, Yijun}
}

@article{cc,
  title={Cracking CAPTCHAs},
  author={Fortune, Ryan and Luu, Gary and McMahon, Peter},
  publisher={Citeseer}
}

@article{vellasques2008filtering,
  title={Filtering segmentation cuts for digit string recognition},
  author={Vellasques, Eduardo and Oliveira, Luiz S and Britto Jr, AS and Koerich, Alessandro L and Sabourin, Robert},
  journal={Pattern Recognition},
  volume={41},
  number={10},
  pages={3044--3053},
  year={2008},
  publisher={Elsevier}
}

@article{hochuli2018handwritten,
  title={Handwritten digit segmentation: Is it still necessary?},
  author={Hochuli, Andre G and Oliveira, Luiz S and Britto Jr, AS and Sabourin, Robert},
  journal={Pattern Recognition},
  volume={78},
  pages={1--11},
  year={2018},
  publisher={Elsevier}
}

@article{fl,
  title={Focal loss for dense object detection},
  author={Lin, Tsung-Yi and Goyal, Priyal and Girshick, Ross and He, Kaiming and Doll{\'a}r, Piotr},
  journal={IEEE transactions on pattern analysis and machine intelligence},
  year={2018},
  publisher={IEEE}
}

@article{faster,
  author    = {Shaoqing Ren and
               Kaiming He and
               Ross B. Girshick and
               Jian Sun},
  title     = {Faster {R-CNN:} Towards Real-Time Object Detection with Region Proposal
               Networks},
  journal   = {CoRR},
  volume    = {abs/1506.01497},
  year      = {2015},
  url       = {http://arxiv.org/abs/1506.01497},
  archivePrefix = {arXiv},
  eprint    = {1506.01497},
  timestamp = {Mon, 13 Aug 2018 16:46:02 +0200},
  biburl    = {https://dblp.org/rec/bib/journals/corr/RenHG015},
  bibsource = {dblp computer science bibliography, https://dblp.org}
}

@article{fpn,
  author    = {Tsung{-}Yi Lin and
               Piotr Doll{\'{a}}r and
               Ross B. Girshick and
               Kaiming He and
               Bharath Hariharan and
               Serge J. Belongie},
  title     = {Feature Pyramid Networks for Object Detection},
  journal   = {CoRR},
  volume    = {abs/1612.03144},
  year      = {2016},
  url       = {http://arxiv.org/abs/1612.03144},
  archivePrefix = {arXiv},
  eprint    = {1612.03144},
  timestamp = {Mon, 13 Aug 2018 16:48:50 +0200},
  biburl    = {https://dblp.org/rec/bib/journals/corr/LinDGHHB16},
  bibsource = {dblp computer science bibliography, https://dblp.org}
}

@article{ssd,
  author    = {Wei Liu and
               Dragomir Anguelov and
               Dumitru Erhan and
               Christian Szegedy and
               Scott E. Reed and
               Cheng{-}Yang Fu and
               Alexander C. Berg},
  title     = {{SSD:} Single Shot MultiBox Detector},
  journal   = {CoRR},
  volume    = {abs/1512.02325},
  year      = {2015},
  url       = {http://arxiv.org/abs/1512.02325},
  archivePrefix = {arXiv},
  eprint    = {1512.02325},
  timestamp = {Mon, 13 Aug 2018 16:48:29 +0200},
  biburl    = {https://dblp.org/rec/bib/journals/corr/LiuAESR15},
  bibsource = {dblp computer science bibliography, https://dblp.org}
}

@article{yolov3,
  title={YOLOv3: An Incremental Improvement},
  author={Redmon, Joseph and Farhadi, Ali},
  journal = {arXiv},
  year={2018}
}

@article{adam,
  author    = {Diederik P. Kingma and
               Jimmy Ba},
  title     = {Adam: {A} Method for Stochastic Optimization},
  journal   = {CoRR},
  volume    = {abs/1412.6980},
  year      = {2014},
  url       = {http://arxiv.org/abs/1412.6980},
  archivePrefix = {arXiv},
  eprint    = {1412.6980},
  timestamp = {Mon, 13 Aug 2018 16:47:35 +0200},
  biburl    = {https://dblp.org/rec/bib/journals/corr/KingmaB14},
  bibsource = {dblp computer science bibliography, https://dblp.org}
}

@article{resnet,
  author    = {Kaiming He and
               Xiangyu Zhang and
               Shaoqing Ren and
               Jian Sun},
  title     = {Deep Residual Learning for Image Recognition},
  journal   = {CoRR},
  volume    = {abs/1512.03385},
  year      = {2015},
  url       = {http://arxiv.org/abs/1512.03385},
  archivePrefix = {arXiv},
  eprint    = {1512.03385},
  timestamp = {Mon, 13 Aug 2018 16:46:56 +0200},
  biburl    = {https://dblp.org/rec/bib/journals/corr/HeZRS15},
  bibsource = {dblp computer science bibliography, https://dblp.org}
}

@article{otsu,
  title={A threshold selection method from gray-level histograms},
  author={Otsu, Nobuyuki},
  journal={IEEE transactions on systems, man, and cybernetics},
  volume={9},
  number={1},
  pages={62--66},
  year={1979},
  publisher={IEEE}
}
